@Article{Heron2016,
author="Heron, Michael James",
title="Ethical and Professional Complications in the Construction of Multi-Developer Hobbyist Games",
journal="The Computer Games Journal",
year="2016",
month="Dec",
day="01",
volume="5",
number="3",
pages="115--129",
issn="2052-773X",
doi="10.1007/s40869-016-0025-0",
url="https://doi.org/10.1007/s40869-016-0025-0"
}

@inproceedings{lekka2014computer,
  title={Computer games and ethical issues},
  author={Lekka, Aspa and Sakellariou, Maria},
  booktitle={Interactive Mobile Communication Technologies and Learning (IMCL), 2014 International Conference on},
  pages={342--343},
  year={2014},
  organization={IEEE}
}

@inproceedings{subahni2012association,
  title={Association of mental stress with video games},
  author={Subahni, Ahmad Rauf and Xia, Likun and Malik, Aamir Saeed},
  booktitle={Intelligent and Advanced Systems (ICIAS), 2012 4th International Conference on},
  volume={1},
  pages={82--85},
  year={2012},
  organization={IEEE}
}

@book{sicart2011ethics,
  title={The ethics of computer games},
  author={Sicart, Miguel},
  year={2011},
  publisher={MIT Press}
}

@book{vorderer2012playing,
  title={Playing video games: Motives, responses, and consequences},
  author={Vorderer, Peter and Bryant, Jennings},
  year={2012},
  publisher={Routledge}
}

@article{mentzoni2011problematic,
  title={Problematic video game use: estimated prevalence and associations with mental and physical health},
  author={Mentzoni, Rune Aune and Brunborg, Geir Scott and Molde, Helge and Myrseth, Helga and Skouver{\o}e, Knut Joachim M{\aa}r and Hetland, J{\o}rn and Pallesen, St{\aa}le},
  journal={Cyberpsychology, behavior, and social networking},
  volume={14},
  number={10},
  pages={591--596},
  year={2011},
  publisher={Mary Ann Liebert, Inc. 140 Huguenot Street, 3rd Floor New Rochelle, NY 10801 USA}
}

@book{himma2008handbook,
  title={The handbook of information and computer ethics},
  author={Himma, Kenneth E and Tavani, Herman T},
  year={2008},
  publisher={John Wiley \& Sons}
}

@article{pohl2008ethical,
  title={Ethical reflection and emotional involvement in computer games},
  author={Pohl, Kirsten},
  year={2008}
}

@book{prensky2006don,
  title={Don't bother me, Mom, I'm learning!: How computer and video games are preparing your kids for 21st century success and how you can help!},
  author={Prensky, Marc},
  year={2006},
  publisher={Paragon house St. Paul, MN}
}

@book{sageng2012philosophy,
  title={The philosophy of computer games},
  author={Sageng, John Richard and Fossheim, Hallvard J and Larsen, Tarjei Mandt},
  volume={7},
  year={2012},
  publisher={Springer Science \& Business Media}
}

@article{griffiths2003breaking,
  title={Breaking the stereotype: The case of online gaming},
  author={Griffiths, Mark D and Davies, Mark NO and Chappell, Darren},
  journal={CyberPsychology \& Behavior},
  volume={6},
  number={1},
  pages={81--91},
  year={2003},
  publisher={Mary Ann Liebert, Inc.}
}

@article{warner2005social,
  title={Social context in massively-multiplayer online games (MMOGs): Ethical questions in shared space},
  author={Warner, Dorothy E and Raiter, Mike},
  journal={International Review of Information Ethics},
  volume={4},
  number={7},
  pages={46--52},
  year={2005}
}

